<record><leader>00000cas a22000007a 4500</leader><controlfield tag="001">19965806</controlfield><controlfield tag="008">890706d19211964gauwr ne      0    0eng d</controlfield><datafield ind1=" " ind2=" " tag="010"><subfield code="a">sn 89053308 </subfield></datafield><datafield ind1=" " ind2=" " tag="040"><subfield code="a">NLG</subfield><subfield code="b">eng</subfield><subfield code="c">NLG</subfield><subfield code="d">GUA</subfield><subfield code="d">OCLCQ</subfield><subfield code="d">OCLCF</subfield><subfield code="d">OCLCO</subfield></datafield><datafield ind1="1" ind2=" " tag="029"><subfield code="a">AU@</subfield><subfield code="b">000026147504</subfield></datafield><datafield ind1=" " ind2=" " tag="042"><subfield code="a">msc</subfield></datafield><datafield ind1=" " ind2=" " tag="043"><subfield code="a">n-us-ga</subfield></datafield><datafield ind1="0" ind2="0" tag="245"><subfield code="a">Fitzgerald leader enterprise and press.</subfield></datafield><datafield ind1=" " ind2=" " tag="260"><subfield code="a">Fitzgerald, Ben Hill County, Ga. :</subfield><subfield code="b">Leader Pub. Co.,</subfield><subfield code="c">[1921-1964]</subfield></datafield><datafield ind1=" " ind2=" " tag="300"><subfield code="a">v.</subfield></datafield><datafield ind1=" " ind2=" " tag="310"><subfield code="a">Weekly,</subfield><subfield code="b">Jan. 12, 1922-Sept. 10, 1964</subfield></datafield><datafield ind1=" " ind2=" " tag="321"><subfield code="a">Daily (except Sunday),</subfield><subfield code="b">Apr. 4, 1921-Apr. 23, 1921</subfield></datafield><datafield ind1=" " ind2=" " tag="321"><subfield code="a">Triweekly,</subfield><subfield code="b">Apr. 25, 1821-Jan. 6, 1922</subfield></datafield><datafield ind1="0" ind2=" " tag="362"><subfield code="a">Vol. 26, no. 29 (Mar. 9, 1921)-v. 69, no. 37 (Sept. 10, 1964).</subfield></datafield><datafield ind1=" " ind2=" " tag="530"><subfield code="a">Also on microfilm: Athens, Ga. : University of Georgia Libraries.</subfield></datafield><datafield ind1=" " ind2=" " tag="580"><subfield code="a">Merged with: Fitzgerald herald, to form: Fitzgerald herald and the Fitzgerald leader.</subfield></datafield><datafield ind1=" " ind2="0" tag="651"><subfield code="a">Fitzgerald (Ga.)</subfield><subfield code="v">Newspapers.</subfield></datafield><datafield ind1=" " ind2="0" tag="651"><subfield code="a">Ben Hill County (Ga.)</subfield><subfield code="v">Newspapers.</subfield></datafield><datafield ind1=" " ind2="7" tag="655"><subfield code="a">Newspapers.</subfield><subfield code="2">fast</subfield><subfield code="0">(OCoLC)fst01423814</subfield></datafield><datafield ind1=" " ind2="7" tag="651"><subfield code="a">Georgia</subfield><subfield code="z">Ben Hill County.</subfield><subfield code="2">fast</subfield><subfield code="0">(OCoLC)fst01211756</subfield></datafield><datafield ind1=" " ind2="7" tag="651"><subfield code="a">Georgia</subfield><subfield code="z">Fitzgerald.</subfield><subfield code="2">fast</subfield><subfield code="0">(OCoLC)fst01217259</subfield></datafield><datafield ind1=" " ind2=" " tag="752"><subfield code="a">United States</subfield><subfield code="b">Georgia</subfield><subfield code="c">Ben Hill</subfield><subfield code="d">Fitzgerald.</subfield></datafield><datafield ind1="0" ind2=" " tag="775"><subfield code="t">Fitzgerald leader (Fitzgerald, Ga. : Daily)</subfield><subfield code="w">(DLC)sn 89053309</subfield><subfield code="w">(OCoLC)19965814</subfield></datafield><datafield ind1="0" ind2="0" tag="780"><subfield code="t">Leader enterprise and press</subfield><subfield code="w">(DLC)sn 89053306</subfield><subfield code="w">(OCoLC)19965768</subfield></datafield><datafield ind1="1" ind2="7" tag="785"><subfield code="t">Fitzgerald herald</subfield><subfield code="w">(DLC)sn 89053304</subfield><subfield code="w">(OCoLC)19965755</subfield></datafield><datafield ind1="1" ind2="7" tag="785"><subfield code="t">Fitzgerald herald and the Fitzgerald leader</subfield><subfield code="w">(DLC)sn 89053303</subfield><subfield code="w">(OCoLC)19965743</subfield></datafield></record>